@article{BarOn:2018bj,
author = {Bar-On, Yinon M and Phillips, Rob and Milo, Ron},
title = {{The biomass distribution on Earth}},
journal = pnas,
year = {2018},
volume = {115},
number = {25},
pages = {6506--6511},
month = jun
}

@article{Collins:2008,
author = {Collins, Martin A and Xavier, Jos{\'e} C and Johnston, Nadine M and North, Anthony W and Enderlein, Peter and Tarling, Geraint A and Waluda, Claire M and Hawker, Elizabeth J and Cunningham, Nathan J},
title = {{Patterns in the distribution of myctophid fish in the northern Scotia Sea ecosystem}},
journal = {Polar Biology},
year = {2008},
volume = {31},
number = {7},
pages = {837--851},
month = feb
}

@article{DAVISON201314,
title = "Carbon export mediated by mesopelagic fishes in the northeast Pacific Ocean",
journal = "Progress in Oceanography",
volume = "116",
pages = "14 - 30",
year = "2013",
issn = "0079-6611",
doi = "https://doi.org/10.1016/j.pocean.2013.05.013",
url = "http://www.sciencedirect.com/science/article/pii/S0079661113000554",
author = "P.C. Davison and D.M. Checkley and J.A. Koslow and J. Barlow"
}

@article{Davison:2015fq,
author = {Davison, P C and Koslow, J A and Kloser, R J},
title = {{Acoustic biomass estimation of mesopelagic fish: backscattering from individuals, populations, and communities}},
journal = ICESJMarSci,
year = {2015},
volume = {72},
number = {5},
pages = {1413--1424},
month = jun
}

@incollection{Duhamel2014:BGAtlas,
          author = {Guy Duhamel and Percy-Alexander Hulley and Romain Causse and Philippe Koubbi and Marino Vacchi and Patrice Pruvost and Stephanie Vigetta and Jean-Olivier Irisson and Sophie Mormede and Mark Belchier and Agnes Dettai and H. Williams Detrich and Julian Gutt and Christopher D. Jones and Karl-Hermann Kock and Luis Jose Lopez Abellan and Anton Van de Putte},
       booktitle = {Biogeographic Atlas of the Southern Ocean},
          editor = {Claude De Broyer and Philippe Koubbi and Huw Griffiths and Ben Raymond and Cedric d'Udekem d'Acoz and Anton Van de Putte and Bruno Danis and Bruno David and Susie Grant and Julian Gutt  and Christoph Held and Graham Hosie and Falk Huettmann and Alexandra Post and Yan Ropert-Coudert},
         address = {Cambridge},
           title = {Biogeographic patterns of fish},
       publisher = {Scientific Committee on Antarctic Research},
            year = {2014},
           pages = {328--362}
}

@article{Goldsworthy:2002cq,
author = {Goldsworthy, S D and Lewis, M and Williams, R and He, X and Young, J W and van den Hoff, J},
title = {{Diet of Patagonian toothfish (Dissostichus eleginoides) around Macquarie Island, South Pacific Ocean}},
journal = {Marine and Freshwater Research},
year = {2002},
volume = {53},
number = {1},
pages = {49}
}

@article{Hanchet:2015kj,
author = {Hanchet, Stuart and Dunn, Alistair and Parker, Steven and Horn, Peter and Stevens, Darren and Mormede, Sophie},
title = {{The Antarctic toothfish (Dissostichus mawsoni): biology, ecology, and life history in the Ross Sea region}},
journal = {Hydrobiologia},
year = {2015},
volume = {761},
number = {1},
pages = {397--414},
month = sep
}

@article{Irigoien:2014,
author = {Irigoien, Xabier and Klevjer, T A and R{\o}stad, A and Martinez, U and Boyra, G and Acu{\~n}a, J L and Bode, A and Echevarria, F and Gonzalez-Gordillo, J I and Hernandez-Leon, S and Agusti, S and Aksnes, D L and Duarte, C M and Kaartvedt, S},
title = {{Large mesopelagic fishes biomass and trophic efficiency in the open ocean.}},
journal = {Nature Communications},
year = {2014},
volume = {5},
pages = {3271}
}

@article{Kaartvedt:2012ji,
author = {Kaartvedt, S and Staby, A and Aksnes, D L},
title = {{Efficient trawl avoidance by mesopelagic fishes causes large underestimation of their biomass}},
journal = meps,
year = {2012},
volume = {456},
pages = {1--6},
month = jun
}

@incollection{Koubbi:2014SOBGAConclusion,
          author = {Philippe Koubbi and Claude De Broyer and Huw  Griffiths and Ben Raymond and Cedric D'Udekem d'Acoz and Anton Van de Putte and Bruno Danis and Bruno David and Susie Grant and Julian Gutt and Christoph Held and Graham Hosie and Falk Huettmann and Alix Post and Yan Ropert-Coudert and Michael Stoddart and Kerrie M. Swadling and Victoria Wadley},
       booktitle = {Biogeographic Atlas of the Southern Ocean},
          editor = {Claude De Broyer and Philippe Koubbi and Huw Griffiths and Ben Raymond and Cedric d'Udekem d'Acoz and Anton Van de Putte and Bruno Danis and Bruno David and Susie Grant and Julian Gutt  and Christoph Held and Graham Hosie and Falk Huettmann and Alexandra Post and Yan Ropert-Coudert},
         address = {Cambridge},
           title = {Conclusions: Present and future of Southern Ocean biogeography},
       publisher = {Scientific Committee on Antarctic Research},
            year = {2014},
           pages = {470--475}
}


@article{Koz:1995,
author = {Kozlov, A},
title = {{A review of the trophic role of mesopelagic fish of the family Myctophidae in the Southern Ocean ecosystem}},
journal = {CCAMLR Science},
year = {1995},
volume = {2},
pages = {71--77}
}

@article{Newman:SOOS_CWP,
    author = {Louise Newman and Petra Heil and Rowan Trebilco and Katsuro Katsumata and Andrew J. Constable and Esmee van Wijk and Karen Assmann and Joana Beja and Phillippa Bricher and Richard Coleman and Daniel Costa and Steve Diggs and Riccardo Farneti and Sarah Fawcett and Sarah T. Gille and Katharine R. Hendry and Sian F. Henley and Eileen Hofmann and Ted Maksym and Matthew Mazloff and Andrew J. Meijers and Michael P. Meredith and Sebastien Moreau and Burcu Ozsoy and Robin Robertson and Irene R. Schloss and Oscar Schofield and Jiuxin Shi and Elisabeth L. Sikes and Inga J. Smith and Sebastiaan Swart and Anna Wahlin and Guy Williams and Michael J. Williams and Laura Herraiz-Borreguero and Stefan Kern and Jan Lieser and Rob Massom and Jessica Melbourne- Thomas and Patricia Miloslavich},
    title = {Delivering sustained, coordinated and integrated observations of the Southern Ocean for global impact},
    journal = FrontMarSci,
    year = {{\emph{in press}}}
}

@article{Nicol:2011br,
author = {Nicol, Stephen and Foster, Jacqueline and Kawaguchi, So},
title = {{The fishery for Antarctic krill - recent developments}},
journal = {Fish and Fisheries},
year = {2011},
volume = {13},
number = {1},
pages = {30--40},
month = feb
}

@article{StJohn:2016cr,
author = {St John, Michael A and Borja, Angel and Chust, Guillem and Heath, Michael and Grigorov, Ivo and Mariani, Patrizio and Martin, Adrian P and Santos, Ricardo S},
title = {{A Dark Hole in Our Understanding of Marine Ecosystems and Their Services: Perspectives from the Mesopelagic Community}},
journal = FrontMarSci,
year = {2016},
volume = {3},
pages = {317--6},
month = mar
}

@article{VandePutte:2010,
author = {Van de Putte, Anton P and Jackson, George D and Pakhomov, Evgeny and Flores, Hauke and Volckaert, Filip A M},
title = {{Distribution of squid and fish in the pelagic zone of the Cosmonaut Sea and Prydz Bay region during the BROKE-West campaign }},
journal = {Deep-Sea Research Part II},
year = {2010},
volume = {57},
number = {9-10},
pages = {956--967},
month = apr
}

@article{Young:2015,
author = {Young, Jock W and Hunt, Brian P V and Cook, Timoth{\'e}e R and Llopiz, Joel K and Hazen, Elliott L and Pethybridge, Heidi R and Ceccarelli, Daniela and Lorrain, Anne and Olson, Robert J and Allain, Val{\'e}rie and Menkes, Christophe and Patterson, Toby and Nicol, Simon and Lehodey, Patrick and Kloser, Rudy J and Arrizabalaga, Haritz and Choy, C Anela},
title = {{The trophodynamics of marine top predators: Current knowledge, recent advances and challenges 
}},
journal = {Deep-Sea Research Part II},
year = {2015},
volume = {113},
number = {C},
pages = {170--187},
month = mar
}



