@article{Collins:2008,
author = {Collins, Martin A and Xavier, Jos{\'e} C and Johnston, Nadine M and North, Anthony W and Enderlein, Peter and Tarling, Geraint A and Waluda, Claire M and Hawker, Elizabeth J and Cunningham, Nathan J},
title = {{Patterns in the distribution of myctophid fish in the northern Scotia Sea ecosystem}},
journal = {Polar Biology},
year = {2008},
volume = {31},
number = {7},
pages = {837--851},
month = feb
}


@article{Koz:1995,
author = {Kozlov, A},
title = {{A review of the trophic role of mesopelagic fish of the family Myctophidae in the Southern Ocean ecosystem}},
journal = {CCAMLR Science},
year = {1995},
volume = {2},
pages = {71--77}
}

